%YAML 1.1
%TAG !u! tag:unity3d.com,2011:
--- !u!1 &4335904101154601883
GameObject:
  m_ObjectHideFlags: 0
  m_CorrespondingSourceObject: {fileID: 0}
  m_PrefabInstance: {fileID: 0}
  m_PrefabAsset: {fileID: 0}
  serializedVersion: 6
  m_Component:
  - component: {fileID: 3098893623044647054}
  - component: {fileID: 1111045536}
  m_Layer: 6
  m_Name: Ship_Level2
  m_TagString: Untagged
  m_Icon: {fileID: 0}
  m_NavMeshLayer: 0
  m_StaticEditorFlags: 0
  m_IsActive: 1
--- !u!4 &3098893623044647054
Transform:
  m_ObjectHideFlags: 0
  m_CorrespondingSourceObject: {fileID: 0}
  m_PrefabInstance: {fileID: 0}
  m_PrefabAsset: {fileID: 0}
  m_GameObject: {fileID: 4335904101154601883}
  m_LocalRotation: {x: 0, y: 0, z: 0, w: 1}
  m_LocalPosition: {x: -257.8563, y: -93.974815, z: 28.058098}
  m_LocalScale: {x: 1.2, y: 1.2, z: 1.2}
  m_Children:
  - {fileID: 4831233133274685829}
  - {fileID: 7903368547150169303}
  - {fileID: 5990143847412498473}
  - {fileID: 1255437500535307311}
  - {fileID: 3575826522173711357}
  - {fileID: 5779598758060711907}
  - {fileID: 2086848121316256434}
  - {fileID: 3231972049043408407}
  - {fileID: 1954980413131400874}
  - {fileID: 846785903371585767}
  - {fileID: 670537327966260565}
  - {fileID: 733991603347808841}
  m_Father: {fileID: 0}
  m_RootOrder: 0
  m_LocalEulerAnglesHint: {x: 0, y: 0, z: 0}
--- !u!65 &1111045536
BoxCollider:
  m_ObjectHideFlags: 0
  m_CorrespondingSourceObject: {fileID: 0}
  m_PrefabInstance: {fileID: 0}
  m_PrefabAsset: {fileID: 0}
  m_GameObject: {fileID: 4335904101154601883}
  m_Material: {fileID: 0}
  m_IsTrigger: 0
  m_Enabled: 1
  serializedVersion: 2
  m_Size: {x: 12.635155, y: 5.847918, z: 11.4847145}
  m_Center: {x: -0.01988093, y: -1.813081, z: 1.6467563}
--- !u!1 &5664754238719283212
GameObject:
  m_ObjectHideFlags: 0
  m_CorrespondingSourceObject: {fileID: 0}
  m_PrefabInstance: {fileID: 0}
  m_PrefabAsset: {fileID: 0}
  serializedVersion: 6
  m_Component:
  - component: {fileID: 3575826522173711357}
  - component: {fileID: 1650008941410950998}
  m_Layer: 6
  m_Name: RotatingWeapons
  m_TagString: Untagged
  m_Icon: {fileID: 0}
  m_NavMeshLayer: 0
  m_StaticEditorFlags: 0
  m_IsActive: 1
--- !u!4 &3575826522173711357
Transform:
  m_ObjectHideFlags: 0
  m_CorrespondingSourceObject: {fileID: 0}
  m_PrefabInstance: {fileID: 0}
  m_PrefabAsset: {fileID: 0}
  m_GameObject: {fileID: 5664754238719283212}
  m_LocalRotation: {x: 0, y: 0, z: 0, w: 1}
  m_LocalPosition: {x: 0, y: 0, z: 5.16}
  m_LocalScale: {x: 1, y: 1, z: 1}
  m_Children:
  - {fileID: 715551994745711795}
  - {fileID: 2181963092012447733}
  m_Father: {fileID: 3098893623044647054}
  m_RootOrder: 4
  m_LocalEulerAnglesHint: {x: 0, y: 0, z: 0}
--- !u!114 &1650008941410950998
MonoBehaviour:
  m_ObjectHideFlags: 0
  m_CorrespondingSourceObject: {fileID: 0}
  m_PrefabInstance: {fileID: 0}
  m_PrefabAsset: {fileID: 0}
  m_GameObject: {fileID: 5664754238719283212}
  m_Enabled: 1
  m_EditorHideFlags: 0
  m_Script: {fileID: 11500000, guid: c7f747bdab348eb4193d7266902086a4, type: 3}
  m_Name: 
  m_EditorClassIdentifier: 
  rotationRange: 120
--- !u!1 &7172827184531150375
GameObject:
  m_ObjectHideFlags: 0
  m_CorrespondingSourceObject: {fileID: 0}
  m_PrefabInstance: {fileID: 0}
  m_PrefabAsset: {fileID: 0}
  serializedVersion: 6
  m_Component:
  - component: {fileID: 5990143847412498473}
  m_Layer: 0
  m_Name: Wings
  m_TagString: Untagged
  m_Icon: {fileID: 0}
  m_NavMeshLayer: 0
  m_StaticEditorFlags: 0
  m_IsActive: 1
--- !u!4 &5990143847412498473
Transform:
  m_ObjectHideFlags: 0
  m_CorrespondingSourceObject: {fileID: 0}
  m_PrefabInstance: {fileID: 0}
  m_PrefabAsset: {fileID: 0}
  m_GameObject: {fileID: 7172827184531150375}
  m_LocalRotation: {x: -0, y: -0, z: -0, w: 1}
  m_LocalPosition: {x: 0, y: -1.8, z: -0.198}
  m_LocalScale: {x: 1, y: 1, z: 1}
  m_Children:
  - {fileID: 2687245746442426187}
  - {fileID: 815307632749044126}
  m_Father: {fileID: 3098893623044647054}
  m_RootOrder: 2
  m_LocalEulerAnglesHint: {x: 0, y: 0, z: 0}
--- !u!1001 &589157598093640914
PrefabInstance:
  m_ObjectHideFlags: 0
  serializedVersion: 2
  m_Modification:
    m_TransformParent: {fileID: 7903368547150169303}
    m_Modifications:
    - target: {fileID: 661066942466104868, guid: dfd23c870d15fd24db7aadf71d4bbe29, type: 3}
      propertyPath: m_Materials.Array.data[0]
      value: 
      objectReference: {fileID: 0}
    - target: {fileID: 661066943395918596, guid: dfd23c870d15fd24db7aadf71d4bbe29, type: 3}
      propertyPath: m_Name
      value: ThrusterFlame
      objectReference: {fileID: 0}
    - target: {fileID: 661066943395918597, guid: dfd23c870d15fd24db7aadf71d4bbe29, type: 3}
      propertyPath: m_RootOrder
      value: 2
      objectReference: {fileID: 0}
    - target: {fileID: 661066943395918597, guid: dfd23c870d15fd24db7aadf71d4bbe29, type: 3}
      propertyPath: m_LocalPosition.x
      value: 0
      objectReference: {fileID: 0}
    - target: {fileID: 661066943395918597, guid: dfd23c870d15fd24db7aadf71d4bbe29, type: 3}
      propertyPath: m_LocalPosition.y
      value: 0.13
      objectReference: {fileID: 0}
    - target: {fileID: 661066943395918597, guid: dfd23c870d15fd24db7aadf71d4bbe29, type: 3}
      propertyPath: m_LocalPosition.z
      value: -2.52
      objectReference: {fileID: 0}
    - target: {fileID: 661066943395918597, guid: dfd23c870d15fd24db7aadf71d4bbe29, type: 3}
      propertyPath: m_LocalRotation.w
      value: 0
      objectReference: {fileID: 0}
    - target: {fileID: 661066943395918597, guid: dfd23c870d15fd24db7aadf71d4bbe29, type: 3}
      propertyPath: m_LocalRotation.x
      value: 0
      objectReference: {fileID: 0}
    - target: {fileID: 661066943395918597, guid: dfd23c870d15fd24db7aadf71d4bbe29, type: 3}
      propertyPath: m_LocalRotation.y
      value: 1
      objectReference: {fileID: 0}
    - target: {fileID: 661066943395918597, guid: dfd23c870d15fd24db7aadf71d4bbe29, type: 3}
      propertyPath: m_LocalRotation.z
      value: 0
      objectReference: {fileID: 0}
    - target: {fileID: 661066943395918597, guid: dfd23c870d15fd24db7aadf71d4bbe29, type: 3}
      propertyPath: m_LocalEulerAnglesHint.x
      value: 0
      objectReference: {fileID: 0}
    - target: {fileID: 661066943395918597, guid: dfd23c870d15fd24db7aadf71d4bbe29, type: 3}
      propertyPath: m_LocalEulerAnglesHint.y
      value: 180
      objectReference: {fileID: 0}
    - target: {fileID: 661066943395918597, guid: dfd23c870d15fd24db7aadf71d4bbe29, type: 3}
      propertyPath: m_LocalEulerAnglesHint.z
      value: 0
      objectReference: {fileID: 0}
    m_RemovedComponents: []
  m_SourcePrefab: {fileID: 100100000, guid: dfd23c870d15fd24db7aadf71d4bbe29, type: 3}
--- !u!1001 &720363916425473337
PrefabInstance:
  m_ObjectHideFlags: 0
  serializedVersion: 2
  m_Modification:
    m_TransformParent: {fileID: 3575826522173711357}
    m_Modifications:
    - target: {fileID: 1718390857548102, guid: b6362f50ca5d7b145ba56bc6c23080ee, type: 3}
      propertyPath: m_Name
      value: Blaster
      objectReference: {fileID: 0}
    - target: {fileID: 4813205879603594, guid: b6362f50ca5d7b145ba56bc6c23080ee, type: 3}
      propertyPath: m_RootOrder
      value: 0
      objectReference: {fileID: 0}
    - target: {fileID: 4813205879603594, guid: b6362f50ca5d7b145ba56bc6c23080ee, type: 3}
      propertyPath: m_LocalPosition.x
      value: -0.81
      objectReference: {fileID: 0}
    - target: {fileID: 4813205879603594, guid: b6362f50ca5d7b145ba56bc6c23080ee, type: 3}
      propertyPath: m_LocalPosition.y
      value: -2.6
      objectReference: {fileID: 0}
    - target: {fileID: 4813205879603594, guid: b6362f50ca5d7b145ba56bc6c23080ee, type: 3}
      propertyPath: m_LocalPosition.z
      value: 1
      objectReference: {fileID: 0}
    - target: {fileID: 4813205879603594, guid: b6362f50ca5d7b145ba56bc6c23080ee, type: 3}
      propertyPath: m_LocalRotation.w
      value: 1
      objectReference: {fileID: 0}
    - target: {fileID: 4813205879603594, guid: b6362f50ca5d7b145ba56bc6c23080ee, type: 3}
      propertyPath: m_LocalRotation.x
      value: 0.00000014106497
      objectReference: {fileID: 0}
    - target: {fileID: 4813205879603594, guid: b6362f50ca5d7b145ba56bc6c23080ee, type: 3}
      propertyPath: m_LocalRotation.y
      value: -0.00000008568165
      objectReference: {fileID: 0}
    - target: {fileID: 4813205879603594, guid: b6362f50ca5d7b145ba56bc6c23080ee, type: 3}
      propertyPath: m_LocalRotation.z
      value: 0.00000017881395
      objectReference: {fileID: 0}
    - target: {fileID: 4813205879603594, guid: b6362f50ca5d7b145ba56bc6c23080ee, type: 3}
      propertyPath: m_LocalEulerAnglesHint.x
      value: 0
      objectReference: {fileID: 0}
    - target: {fileID: 4813205879603594, guid: b6362f50ca5d7b145ba56bc6c23080ee, type: 3}
      propertyPath: m_LocalEulerAnglesHint.y
      value: 0
      objectReference: {fileID: 0}
    - target: {fileID: 4813205879603594, guid: b6362f50ca5d7b145ba56bc6c23080ee, type: 3}
      propertyPath: m_LocalEulerAnglesHint.z
      value: 0
      objectReference: {fileID: 0}
    m_RemovedComponents: []
  m_SourcePrefab: {fileID: 100100000, guid: b6362f50ca5d7b145ba56bc6c23080ee, type: 3}
--- !u!4 &715551994745711795 stripped
Transform:
  m_CorrespondingSourceObject: {fileID: 4813205879603594, guid: b6362f50ca5d7b145ba56bc6c23080ee, type: 3}
  m_PrefabInstance: {fileID: 720363916425473337}
  m_PrefabAsset: {fileID: 0}
--- !u!1001 &851299164616875093
PrefabInstance:
  m_ObjectHideFlags: 0
  serializedVersion: 2
  m_Modification:
    m_TransformParent: {fileID: 3098893623044647054}
    m_Modifications:
    - target: {fileID: 1035129555781656, guid: 1f78031b7183f2a4498c4cfc761ca60c, type: 3}
      propertyPath: m_Name
      value: StarSparrow_Weapon
      objectReference: {fileID: 0}
    - target: {fileID: 4520498643260594, guid: 1f78031b7183f2a4498c4cfc761ca60c, type: 3}
      propertyPath: m_RootOrder
      value: 9
      objectReference: {fileID: 0}
    - target: {fileID: 4520498643260594, guid: 1f78031b7183f2a4498c4cfc761ca60c, type: 3}
      propertyPath: m_LocalScale.x
      value: 0.83333325
      objectReference: {fileID: 0}
    - target: {fileID: 4520498643260594, guid: 1f78031b7183f2a4498c4cfc761ca60c, type: 3}
      propertyPath: m_LocalScale.y
      value: 0.83333325
      objectReference: {fileID: 0}
    - target: {fileID: 4520498643260594, guid: 1f78031b7183f2a4498c4cfc761ca60c, type: 3}
      propertyPath: m_LocalScale.z
      value: 0.83333325
      objectReference: {fileID: 0}
    - target: {fileID: 4520498643260594, guid: 1f78031b7183f2a4498c4cfc761ca60c, type: 3}
      propertyPath: m_LocalPosition.x
      value: 2.7012632
      objectReference: {fileID: 0}
    - target: {fileID: 4520498643260594, guid: 1f78031b7183f2a4498c4cfc761ca60c, type: 3}
      propertyPath: m_LocalPosition.y
      value: -2.4923258
      objectReference: {fileID: 0}
    - target: {fileID: 4520498643260594, guid: 1f78031b7183f2a4498c4cfc761ca60c, type: 3}
      propertyPath: m_LocalPosition.z
      value: -0.39
      objectReference: {fileID: 0}
    - target: {fileID: 4520498643260594, guid: 1f78031b7183f2a4498c4cfc761ca60c, type: 3}
      propertyPath: m_LocalRotation.w
      value: 0.9126414
      objectReference: {fileID: 0}
    - target: {fileID: 4520498643260594, guid: 1f78031b7183f2a4498c4cfc761ca60c, type: 3}
      propertyPath: m_LocalRotation.x
      value: -0
      objectReference: {fileID: 0}
    - target: {fileID: 4520498643260594, guid: 1f78031b7183f2a4498c4cfc761ca60c, type: 3}
      propertyPath: m_LocalRotation.y
      value: -0
      objectReference: {fileID: 0}
    - target: {fileID: 4520498643260594, guid: 1f78031b7183f2a4498c4cfc761ca60c, type: 3}
      propertyPath: m_LocalRotation.z
      value: 0.4087611
      objectReference: {fileID: 0}
    - target: {fileID: 4520498643260594, guid: 1f78031b7183f2a4498c4cfc761ca60c, type: 3}
      propertyPath: m_LocalEulerAnglesHint.x
      value: 0
      objectReference: {fileID: 0}
    - target: {fileID: 4520498643260594, guid: 1f78031b7183f2a4498c4cfc761ca60c, type: 3}
      propertyPath: m_LocalEulerAnglesHint.y
      value: 0
      objectReference: {fileID: 0}
    - target: {fileID: 4520498643260594, guid: 1f78031b7183f2a4498c4cfc761ca60c, type: 3}
      propertyPath: m_LocalEulerAnglesHint.z
      value: 48.254
      objectReference: {fileID: 0}
    m_RemovedComponents: []
  m_SourcePrefab: {fileID: 100100000, guid: 1f78031b7183f2a4498c4cfc761ca60c, type: 3}
--- !u!4 &846785903371585767 stripped
Transform:
  m_CorrespondingSourceObject: {fileID: 4520498643260594, guid: 1f78031b7183f2a4498c4cfc761ca60c, type: 3}
  m_PrefabInstance: {fileID: 851299164616875093}
  m_PrefabAsset: {fileID: 0}
--- !u!1001 &1253012712313780623
PrefabInstance:
  m_ObjectHideFlags: 0
  serializedVersion: 2
  m_Modification:
    m_TransformParent: {fileID: 3098893623044647054}
    m_Modifications:
    - target: {fileID: 1917032075865298, guid: ebec0dbd42c377149abd20c9507cb70f, type: 3}
      propertyPath: m_Name
      value: Wing2
      objectReference: {fileID: 0}
    - target: {fileID: 4413083218773408, guid: ebec0dbd42c377149abd20c9507cb70f, type: 3}
      propertyPath: m_RootOrder
      value: 3
      objectReference: {fileID: 0}
    - target: {fileID: 4413083218773408, guid: ebec0dbd42c377149abd20c9507cb70f, type: 3}
      propertyPath: m_LocalScale.x
      value: 0.7
      objectReference: {fileID: 0}
    - target: {fileID: 4413083218773408, guid: ebec0dbd42c377149abd20c9507cb70f, type: 3}
      propertyPath: m_LocalScale.y
      value: 0.7
      objectReference: {fileID: 0}
    - target: {fileID: 4413083218773408, guid: ebec0dbd42c377149abd20c9507cb70f, type: 3}
      propertyPath: m_LocalScale.z
      value: 0.7
      objectReference: {fileID: 0}
    - target: {fileID: 4413083218773408, guid: ebec0dbd42c377149abd20c9507cb70f, type: 3}
      propertyPath: m_LocalPosition.x
      value: -0.01
      objectReference: {fileID: 0}
    - target: {fileID: 4413083218773408, guid: ebec0dbd42c377149abd20c9507cb70f, type: 3}
      propertyPath: m_LocalPosition.y
      value: 0
      objectReference: {fileID: 0}
    - target: {fileID: 4413083218773408, guid: ebec0dbd42c377149abd20c9507cb70f, type: 3}
      propertyPath: m_LocalPosition.z
      value: -2.07
      objectReference: {fileID: 0}
    - target: {fileID: 4413083218773408, guid: ebec0dbd42c377149abd20c9507cb70f, type: 3}
      propertyPath: m_LocalRotation.w
      value: 0.7071068
      objectReference: {fileID: 0}
    - target: {fileID: 4413083218773408, guid: ebec0dbd42c377149abd20c9507cb70f, type: 3}
      propertyPath: m_LocalRotation.x
      value: 0
      objectReference: {fileID: 0}
    - target: {fileID: 4413083218773408, guid: ebec0dbd42c377149abd20c9507cb70f, type: 3}
      propertyPath: m_LocalRotation.y
      value: 0
      objectReference: {fileID: 0}
    - target: {fileID: 4413083218773408, guid: ebec0dbd42c377149abd20c9507cb70f, type: 3}
      propertyPath: m_LocalRotation.z
      value: -0.7071068
      objectReference: {fileID: 0}
    - target: {fileID: 4413083218773408, guid: ebec0dbd42c377149abd20c9507cb70f, type: 3}
      propertyPath: m_LocalEulerAnglesHint.x
      value: 0
      objectReference: {fileID: 0}
    - target: {fileID: 4413083218773408, guid: ebec0dbd42c377149abd20c9507cb70f, type: 3}
      propertyPath: m_LocalEulerAnglesHint.y
      value: 0
      objectReference: {fileID: 0}
    - target: {fileID: 4413083218773408, guid: ebec0dbd42c377149abd20c9507cb70f, type: 3}
      propertyPath: m_LocalEulerAnglesHint.z
      value: -90
      objectReference: {fileID: 0}
    m_RemovedComponents: []
  m_SourcePrefab: {fileID: 100100000, guid: ebec0dbd42c377149abd20c9507cb70f, type: 3}
--- !u!4 &1255437500535307311 stripped
Transform:
  m_CorrespondingSourceObject: {fileID: 4413083218773408, guid: ebec0dbd42c377149abd20c9507cb70f, type: 3}
  m_PrefabInstance: {fileID: 1253012712313780623}
  m_PrefabAsset: {fileID: 0}
--- !u!1001 &1958733780731929354
PrefabInstance:
  m_ObjectHideFlags: 0
  serializedVersion: 2
  m_Modification:
    m_TransformParent: {fileID: 3098893623044647054}
    m_Modifications:
    - target: {fileID: 1917032075865298, guid: ebec0dbd42c377149abd20c9507cb70f, type: 3}
      propertyPath: m_Name
      value: Wing2 (2)
      objectReference: {fileID: 0}
    - target: {fileID: 4413083218773408, guid: ebec0dbd42c377149abd20c9507cb70f, type: 3}
      propertyPath: m_RootOrder
      value: 8
      objectReference: {fileID: 0}
    - target: {fileID: 4413083218773408, guid: ebec0dbd42c377149abd20c9507cb70f, type: 3}
      propertyPath: m_LocalScale.x
      value: 0.83333325
      objectReference: {fileID: 0}
    - target: {fileID: 4413083218773408, guid: ebec0dbd42c377149abd20c9507cb70f, type: 3}
      propertyPath: m_LocalScale.y
      value: 0.83333325
      objectReference: {fileID: 0}
    - target: {fileID: 4413083218773408, guid: ebec0dbd42c377149abd20c9507cb70f, type: 3}
      propertyPath: m_LocalScale.z
      value: 0.83333325
      objectReference: {fileID: 0}
    - target: {fileID: 4413083218773408, guid: ebec0dbd42c377149abd20c9507cb70f, type: 3}
      propertyPath: m_LocalPosition.x
      value: 1.61
      objectReference: {fileID: 0}
    - target: {fileID: 4413083218773408, guid: ebec0dbd42c377149abd20c9507cb70f, type: 3}
      propertyPath: m_LocalPosition.y
      value: -1.15
      objectReference: {fileID: 0}
    - target: {fileID: 4413083218773408, guid: ebec0dbd42c377149abd20c9507cb70f, type: 3}
      propertyPath: m_LocalPosition.z
      value: -0.86
      objectReference: {fileID: 0}
    - target: {fileID: 4413083218773408, guid: ebec0dbd42c377149abd20c9507cb70f, type: 3}
      propertyPath: m_LocalRotation.w
      value: -0.21643949
      objectReference: {fileID: 0}
    - target: {fileID: 4413083218773408, guid: ebec0dbd42c377149abd20c9507cb70f, type: 3}
      propertyPath: m_LocalRotation.x
      value: 0
      objectReference: {fileID: 0}
    - target: {fileID: 4413083218773408, guid: ebec0dbd42c377149abd20c9507cb70f, type: 3}
      propertyPath: m_LocalRotation.y
      value: -0
      objectReference: {fileID: 0}
    - target: {fileID: 4413083218773408, guid: ebec0dbd42c377149abd20c9507cb70f, type: 3}
      propertyPath: m_LocalRotation.z
      value: 0.976296
      objectReference: {fileID: 0}
    - target: {fileID: 4413083218773408, guid: ebec0dbd42c377149abd20c9507cb70f, type: 3}
      propertyPath: m_LocalEulerAnglesHint.x
      value: 0
      objectReference: {fileID: 0}
    - target: {fileID: 4413083218773408, guid: ebec0dbd42c377149abd20c9507cb70f, type: 3}
      propertyPath: m_LocalEulerAnglesHint.y
      value: 0
      objectReference: {fileID: 0}
    - target: {fileID: 4413083218773408, guid: ebec0dbd42c377149abd20c9507cb70f, type: 3}
      propertyPath: m_LocalEulerAnglesHint.z
      value: 205
      objectReference: {fileID: 0}
    m_RemovedComponents: []
  m_SourcePrefab: {fileID: 100100000, guid: ebec0dbd42c377149abd20c9507cb70f, type: 3}
--- !u!4 &1954980413131400874 stripped
Transform:
  m_CorrespondingSourceObject: {fileID: 4413083218773408, guid: ebec0dbd42c377149abd20c9507cb70f, type: 3}
  m_PrefabInstance: {fileID: 1958733780731929354}
  m_PrefabAsset: {fileID: 0}
--- !u!1001 &2186209869009614463
PrefabInstance:
  m_ObjectHideFlags: 0
  serializedVersion: 2
  m_Modification:
    m_TransformParent: {fileID: 3575826522173711357}
    m_Modifications:
    - target: {fileID: 1718390857548102, guid: b6362f50ca5d7b145ba56bc6c23080ee, type: 3}
      propertyPath: m_Name
      value: Blaster (1)
      objectReference: {fileID: 0}
    - target: {fileID: 4813205879603594, guid: b6362f50ca5d7b145ba56bc6c23080ee, type: 3}
      propertyPath: m_RootOrder
      value: 1
      objectReference: {fileID: 0}
    - target: {fileID: 4813205879603594, guid: b6362f50ca5d7b145ba56bc6c23080ee, type: 3}
      propertyPath: m_LocalPosition.x
      value: 0.81
      objectReference: {fileID: 0}
    - target: {fileID: 4813205879603594, guid: b6362f50ca5d7b145ba56bc6c23080ee, type: 3}
      propertyPath: m_LocalPosition.y
      value: -2.6
      objectReference: {fileID: 0}
    - target: {fileID: 4813205879603594, guid: b6362f50ca5d7b145ba56bc6c23080ee, type: 3}
      propertyPath: m_LocalPosition.z
      value: 1
      objectReference: {fileID: 0}
    - target: {fileID: 4813205879603594, guid: b6362f50ca5d7b145ba56bc6c23080ee, type: 3}
      propertyPath: m_LocalRotation.w
      value: 1
      objectReference: {fileID: 0}
    - target: {fileID: 4813205879603594, guid: b6362f50ca5d7b145ba56bc6c23080ee, type: 3}
      propertyPath: m_LocalRotation.x
      value: 0.00000014106497
      objectReference: {fileID: 0}
    - target: {fileID: 4813205879603594, guid: b6362f50ca5d7b145ba56bc6c23080ee, type: 3}
      propertyPath: m_LocalRotation.y
      value: -0.00000008568165
      objectReference: {fileID: 0}
    - target: {fileID: 4813205879603594, guid: b6362f50ca5d7b145ba56bc6c23080ee, type: 3}
      propertyPath: m_LocalRotation.z
      value: 0.00000017881395
      objectReference: {fileID: 0}
    - target: {fileID: 4813205879603594, guid: b6362f50ca5d7b145ba56bc6c23080ee, type: 3}
      propertyPath: m_LocalEulerAnglesHint.x
      value: 0
      objectReference: {fileID: 0}
    - target: {fileID: 4813205879603594, guid: b6362f50ca5d7b145ba56bc6c23080ee, type: 3}
      propertyPath: m_LocalEulerAnglesHint.y
      value: 0
      objectReference: {fileID: 0}
    - target: {fileID: 4813205879603594, guid: b6362f50ca5d7b145ba56bc6c23080ee, type: 3}
      propertyPath: m_LocalEulerAnglesHint.z
      value: 0
      objectReference: {fileID: 0}
    m_RemovedComponents: []
  m_SourcePrefab: {fileID: 100100000, guid: b6362f50ca5d7b145ba56bc6c23080ee, type: 3}
--- !u!4 &2181963092012447733 stripped
Transform:
  m_CorrespondingSourceObject: {fileID: 4813205879603594, guid: b6362f50ca5d7b145ba56bc6c23080ee, type: 3}
  m_PrefabInstance: {fileID: 2186209869009614463}
  m_PrefabAsset: {fileID: 0}
--- !u!1001 &2396518167396407289
PrefabInstance:
  m_ObjectHideFlags: 0
  serializedVersion: 2
  m_Modification:
    m_TransformParent: {fileID: 2181963092012447733}
    m_Modifications:
    - target: {fileID: 845668951757103191, guid: adfc85b269b8a4942a1b4e1c42141fa1, type: 3}
      propertyPath: m_RootOrder
      value: 1
      objectReference: {fileID: 0}
    - target: {fileID: 845668951757103191, guid: adfc85b269b8a4942a1b4e1c42141fa1, type: 3}
      propertyPath: m_LocalPosition.x
      value: 0
      objectReference: {fileID: 0}
    - target: {fileID: 845668951757103191, guid: adfc85b269b8a4942a1b4e1c42141fa1, type: 3}
      propertyPath: m_LocalPosition.y
      value: -0.05
      objectReference: {fileID: 0}
    - target: {fileID: 845668951757103191, guid: adfc85b269b8a4942a1b4e1c42141fa1, type: 3}
      propertyPath: m_LocalPosition.z
      value: 2.138
      objectReference: {fileID: 0}
    - target: {fileID: 845668951757103191, guid: adfc85b269b8a4942a1b4e1c42141fa1, type: 3}
      propertyPath: m_LocalRotation.w
      value: 1
      objectReference: {fileID: 0}
    - target: {fileID: 845668951757103191, guid: adfc85b269b8a4942a1b4e1c42141fa1, type: 3}
      propertyPath: m_LocalRotation.x
      value: 0
      objectReference: {fileID: 0}
    - target: {fileID: 845668951757103191, guid: adfc85b269b8a4942a1b4e1c42141fa1, type: 3}
      propertyPath: m_LocalRotation.y
      value: 0
      objectReference: {fileID: 0}
    - target: {fileID: 845668951757103191, guid: adfc85b269b8a4942a1b4e1c42141fa1, type: 3}
      propertyPath: m_LocalRotation.z
      value: 0
      objectReference: {fileID: 0}
    - target: {fileID: 845668951757103191, guid: adfc85b269b8a4942a1b4e1c42141fa1, type: 3}
      propertyPath: m_LocalEulerAnglesHint.x
      value: 0
      objectReference: {fileID: 0}
    - target: {fileID: 845668951757103191, guid: adfc85b269b8a4942a1b4e1c42141fa1, type: 3}
      propertyPath: m_LocalEulerAnglesHint.y
      value: 0
      objectReference: {fileID: 0}
    - target: {fileID: 845668951757103191, guid: adfc85b269b8a4942a1b4e1c42141fa1, type: 3}
      propertyPath: m_LocalEulerAnglesHint.z
      value: 0
      objectReference: {fileID: 0}
    - target: {fileID: 8397723632861158076, guid: adfc85b269b8a4942a1b4e1c42141fa1, type: 3}
      propertyPath: m_Name
      value: FirePoint
      objectReference: {fileID: 0}
    m_RemovedComponents: []
  m_SourcePrefab: {fileID: 100100000, guid: adfc85b269b8a4942a1b4e1c42141fa1, type: 3}
--- !u!1001 &2691832926317428649
PrefabInstance:
  m_ObjectHideFlags: 0
  serializedVersion: 2
  m_Modification:
    m_TransformParent: {fileID: 5990143847412498473}
    m_Modifications:
    - target: {fileID: 1561084872953996, guid: 6b60ceeabc86a6e43a7a918dbbcab26b, type: 3}
      propertyPath: m_Name
      value: Wing6
      objectReference: {fileID: 0}
    - target: {fileID: 4587214507403490, guid: 6b60ceeabc86a6e43a7a918dbbcab26b, type: 3}
      propertyPath: m_RootOrder
      value: 0
      objectReference: {fileID: 0}
    - target: {fileID: 4587214507403490, guid: 6b60ceeabc86a6e43a7a918dbbcab26b, type: 3}
      propertyPath: m_LocalPosition.x
      value: -2.84
      objectReference: {fileID: 0}
    - target: {fileID: 4587214507403490, guid: 6b60ceeabc86a6e43a7a918dbbcab26b, type: 3}
      propertyPath: m_LocalPosition.y
      value: -0.97
      objectReference: {fileID: 0}
    - target: {fileID: 4587214507403490, guid: 6b60ceeabc86a6e43a7a918dbbcab26b, type: 3}
      propertyPath: m_LocalPosition.z
      value: 0
      objectReference: {fileID: 0}
    - target: {fileID: 4587214507403490, guid: 6b60ceeabc86a6e43a7a918dbbcab26b, type: 3}
      propertyPath: m_LocalRotation.w
      value: 0.9771716
      objectReference: {fileID: 0}
    - target: {fileID: 4587214507403490, guid: 6b60ceeabc86a6e43a7a918dbbcab26b, type: 3}
      propertyPath: m_LocalRotation.x
      value: -0
      objectReference: {fileID: 0}
    - target: {fileID: 4587214507403490, guid: 6b60ceeabc86a6e43a7a918dbbcab26b, type: 3}
      propertyPath: m_LocalRotation.y
      value: -0
      objectReference: {fileID: 0}
    - target: {fileID: 4587214507403490, guid: 6b60ceeabc86a6e43a7a918dbbcab26b, type: 3}
      propertyPath: m_LocalRotation.z
      value: 0.21245174
      objectReference: {fileID: 0}
    - target: {fileID: 4587214507403490, guid: 6b60ceeabc86a6e43a7a918dbbcab26b, type: 3}
      propertyPath: m_LocalEulerAnglesHint.x
      value: 0
      objectReference: {fileID: 0}
    - target: {fileID: 4587214507403490, guid: 6b60ceeabc86a6e43a7a918dbbcab26b, type: 3}
      propertyPath: m_LocalEulerAnglesHint.y
      value: 0
      objectReference: {fileID: 0}
    - target: {fileID: 4587214507403490, guid: 6b60ceeabc86a6e43a7a918dbbcab26b, type: 3}
      propertyPath: m_LocalEulerAnglesHint.z
      value: 24.532
      objectReference: {fileID: 0}
    m_RemovedComponents: []
  m_SourcePrefab: {fileID: 100100000, guid: 6b60ceeabc86a6e43a7a918dbbcab26b, type: 3}
--- !u!4 &2687245746442426187 stripped
Transform:
  m_CorrespondingSourceObject: {fileID: 4587214507403490, guid: 6b60ceeabc86a6e43a7a918dbbcab26b, type: 3}
  m_PrefabInstance: {fileID: 2691832926317428649}
  m_PrefabAsset: {fileID: 0}
--- !u!1001 &2898247790418351839
PrefabInstance:
  m_ObjectHideFlags: 0
  serializedVersion: 2
  m_Modification:
    m_TransformParent: {fileID: 3098893623044647054}
    m_Modifications:
    - target: {fileID: 2456445848257049745, guid: 4b21e935f7e51f049a153eb5d5d3aec7, type: 3}
      propertyPath: m_Name
      value: PlayerMapIcon
      objectReference: {fileID: 0}
    - target: {fileID: 2456445848257049750, guid: 4b21e935f7e51f049a153eb5d5d3aec7, type: 3}
      propertyPath: m_RootOrder
      value: 11
      objectReference: {fileID: 0}
    - target: {fileID: 2456445848257049750, guid: 4b21e935f7e51f049a153eb5d5d3aec7, type: 3}
      propertyPath: m_LocalPosition.x
      value: 0
      objectReference: {fileID: 0}
    - target: {fileID: 2456445848257049750, guid: 4b21e935f7e51f049a153eb5d5d3aec7, type: 3}
      propertyPath: m_LocalPosition.y
      value: 85.7
      objectReference: {fileID: 0}
    - target: {fileID: 2456445848257049750, guid: 4b21e935f7e51f049a153eb5d5d3aec7, type: 3}
      propertyPath: m_LocalPosition.z
      value: 0
      objectReference: {fileID: 0}
    - target: {fileID: 2456445848257049750, guid: 4b21e935f7e51f049a153eb5d5d3aec7, type: 3}
      propertyPath: m_LocalRotation.w
      value: 0.7071068
      objectReference: {fileID: 0}
    - target: {fileID: 2456445848257049750, guid: 4b21e935f7e51f049a153eb5d5d3aec7, type: 3}
      propertyPath: m_LocalRotation.x
      value: 0.7071068
      objectReference: {fileID: 0}
    - target: {fileID: 2456445848257049750, guid: 4b21e935f7e51f049a153eb5d5d3aec7, type: 3}
      propertyPath: m_LocalRotation.y
      value: 0
      objectReference: {fileID: 0}
    - target: {fileID: 2456445848257049750, guid: 4b21e935f7e51f049a153eb5d5d3aec7, type: 3}
      propertyPath: m_LocalRotation.z
      value: 0
      objectReference: {fileID: 0}
    - target: {fileID: 2456445848257049750, guid: 4b21e935f7e51f049a153eb5d5d3aec7, type: 3}
      propertyPath: m_LocalEulerAnglesHint.x
      value: 90
      objectReference: {fileID: 0}
    - target: {fileID: 2456445848257049750, guid: 4b21e935f7e51f049a153eb5d5d3aec7, type: 3}
      propertyPath: m_LocalEulerAnglesHint.y
      value: 0
      objectReference: {fileID: 0}
    - target: {fileID: 2456445848257049750, guid: 4b21e935f7e51f049a153eb5d5d3aec7, type: 3}
      propertyPath: m_LocalEulerAnglesHint.z
      value: 0
      objectReference: {fileID: 0}
    m_RemovedComponents: []
  m_SourcePrefab: {fileID: 100100000, guid: 4b21e935f7e51f049a153eb5d5d3aec7, type: 3}
--- !u!4 &733991603347808841 stripped
Transform:
  m_CorrespondingSourceObject: {fileID: 2456445848257049750, guid: 4b21e935f7e51f049a153eb5d5d3aec7, type: 3}
  m_PrefabInstance: {fileID: 2898247790418351839}
  m_PrefabAsset: {fileID: 0}
--- !u!1001 &3230744328337343415
PrefabInstance:
  m_ObjectHideFlags: 0
  serializedVersion: 2
  m_Modification:
    m_TransformParent: {fileID: 3098893623044647054}
    m_Modifications:
    - target: {fileID: 1917032075865298, guid: ebec0dbd42c377149abd20c9507cb70f, type: 3}
      propertyPath: m_Name
      value: Wing2 (1)
      objectReference: {fileID: 0}
    - target: {fileID: 4413083218773408, guid: ebec0dbd42c377149abd20c9507cb70f, type: 3}
      propertyPath: m_RootOrder
      value: 7
      objectReference: {fileID: 0}
    - target: {fileID: 4413083218773408, guid: ebec0dbd42c377149abd20c9507cb70f, type: 3}
      propertyPath: m_LocalScale.x
      value: 0.83333325
      objectReference: {fileID: 0}
    - target: {fileID: 4413083218773408, guid: ebec0dbd42c377149abd20c9507cb70f, type: 3}
      propertyPath: m_LocalScale.y
      value: 0.83333325
      objectReference: {fileID: 0}
    - target: {fileID: 4413083218773408, guid: ebec0dbd42c377149abd20c9507cb70f, type: 3}
      propertyPath: m_LocalScale.z
      value: 0.83333325
      objectReference: {fileID: 0}
    - target: {fileID: 4413083218773408, guid: ebec0dbd42c377149abd20c9507cb70f, type: 3}
      propertyPath: m_LocalPosition.x
      value: -1.61
      objectReference: {fileID: 0}
    - target: {fileID: 4413083218773408, guid: ebec0dbd42c377149abd20c9507cb70f, type: 3}
      propertyPath: m_LocalPosition.y
      value: -1.15
      objectReference: {fileID: 0}
    - target: {fileID: 4413083218773408, guid: ebec0dbd42c377149abd20c9507cb70f, type: 3}
      propertyPath: m_LocalPosition.z
      value: -0.86
      objectReference: {fileID: 0}
    - target: {fileID: 4413083218773408, guid: ebec0dbd42c377149abd20c9507cb70f, type: 3}
      propertyPath: m_LocalRotation.w
      value: 0.97629607
      objectReference: {fileID: 0}
    - target: {fileID: 4413083218773408, guid: ebec0dbd42c377149abd20c9507cb70f, type: 3}
      propertyPath: m_LocalRotation.x
      value: 0
      objectReference: {fileID: 0}
    - target: {fileID: 4413083218773408, guid: ebec0dbd42c377149abd20c9507cb70f, type: 3}
      propertyPath: m_LocalRotation.y
      value: 0
      objectReference: {fileID: 0}
    - target: {fileID: 4413083218773408, guid: ebec0dbd42c377149abd20c9507cb70f, type: 3}
      propertyPath: m_LocalRotation.z
      value: -0.21643952
      objectReference: {fileID: 0}
    - target: {fileID: 4413083218773408, guid: ebec0dbd42c377149abd20c9507cb70f, type: 3}
      propertyPath: m_LocalEulerAnglesHint.x
      value: 0
      objectReference: {fileID: 0}
    - target: {fileID: 4413083218773408, guid: ebec0dbd42c377149abd20c9507cb70f, type: 3}
      propertyPath: m_LocalEulerAnglesHint.y
      value: 0
      objectReference: {fileID: 0}
    - target: {fileID: 4413083218773408, guid: ebec0dbd42c377149abd20c9507cb70f, type: 3}
      propertyPath: m_LocalEulerAnglesHint.z
      value: -25
      objectReference: {fileID: 0}
    m_RemovedComponents: []
  m_SourcePrefab: {fileID: 100100000, guid: ebec0dbd42c377149abd20c9507cb70f, type: 3}
--- !u!4 &3231972049043408407 stripped
Transform:
  m_CorrespondingSourceObject: {fileID: 4413083218773408, guid: ebec0dbd42c377149abd20c9507cb70f, type: 3}
  m_PrefabInstance: {fileID: 3230744328337343415}
  m_PrefabAsset: {fileID: 0}
--- !u!1001 &3996241839519874613
PrefabInstance:
  m_ObjectHideFlags: 0
  serializedVersion: 2
  m_Modification:
    m_TransformParent: {fileID: 715551994745711795}
    m_Modifications:
    - target: {fileID: 845668951757103191, guid: adfc85b269b8a4942a1b4e1c42141fa1, type: 3}
      propertyPath: m_RootOrder
      value: 1
      objectReference: {fileID: 0}
    - target: {fileID: 845668951757103191, guid: adfc85b269b8a4942a1b4e1c42141fa1, type: 3}
      propertyPath: m_LocalPosition.x
      value: 0
      objectReference: {fileID: 0}
    - target: {fileID: 845668951757103191, guid: adfc85b269b8a4942a1b4e1c42141fa1, type: 3}
      propertyPath: m_LocalPosition.y
      value: -0.05
      objectReference: {fileID: 0}
    - target: {fileID: 845668951757103191, guid: adfc85b269b8a4942a1b4e1c42141fa1, type: 3}
      propertyPath: m_LocalPosition.z
      value: 2.138
      objectReference: {fileID: 0}
    - target: {fileID: 845668951757103191, guid: adfc85b269b8a4942a1b4e1c42141fa1, type: 3}
      propertyPath: m_LocalRotation.w
      value: 1
      objectReference: {fileID: 0}
    - target: {fileID: 845668951757103191, guid: adfc85b269b8a4942a1b4e1c42141fa1, type: 3}
      propertyPath: m_LocalRotation.x
      value: 0
      objectReference: {fileID: 0}
    - target: {fileID: 845668951757103191, guid: adfc85b269b8a4942a1b4e1c42141fa1, type: 3}
      propertyPath: m_LocalRotation.y
      value: 0
      objectReference: {fileID: 0}
    - target: {fileID: 845668951757103191, guid: adfc85b269b8a4942a1b4e1c42141fa1, type: 3}
      propertyPath: m_LocalRotation.z
      value: 0
      objectReference: {fileID: 0}
    - target: {fileID: 845668951757103191, guid: adfc85b269b8a4942a1b4e1c42141fa1, type: 3}
      propertyPath: m_LocalEulerAnglesHint.x
      value: 0
      objectReference: {fileID: 0}
    - target: {fileID: 845668951757103191, guid: adfc85b269b8a4942a1b4e1c42141fa1, type: 3}
      propertyPath: m_LocalEulerAnglesHint.y
      value: 0
      objectReference: {fileID: 0}
    - target: {fileID: 845668951757103191, guid: adfc85b269b8a4942a1b4e1c42141fa1, type: 3}
      propertyPath: m_LocalEulerAnglesHint.z
      value: 0
      objectReference: {fileID: 0}
    - target: {fileID: 8397723632861158076, guid: adfc85b269b8a4942a1b4e1c42141fa1, type: 3}
      propertyPath: m_Name
      value: FirePoint
      objectReference: {fileID: 0}
    m_RemovedComponents: []
  m_SourcePrefab: {fileID: 100100000, guid: adfc85b269b8a4942a1b4e1c42141fa1, type: 3}
--- !u!1001 &4829463202856921695
PrefabInstance:
  m_ObjectHideFlags: 0
  serializedVersion: 2
  m_Modification:
    m_TransformParent: {fileID: 3098893623044647054}
    m_Modifications:
    - target: {fileID: 1533999086392894, guid: 9e7f9a051631c1c4c8eaa31eb406ff68, type: 3}
      propertyPath: m_Name
      value: Cockpit3_WithoutInterior
      objectReference: {fileID: 0}
    - target: {fileID: 4028344483187674, guid: 9e7f9a051631c1c4c8eaa31eb406ff68, type: 3}
      propertyPath: m_RootOrder
      value: 0
      objectReference: {fileID: 0}
    - target: {fileID: 4028344483187674, guid: 9e7f9a051631c1c4c8eaa31eb406ff68, type: 3}
      propertyPath: m_LocalPosition.x
      value: 0
      objectReference: {fileID: 0}
    - target: {fileID: 4028344483187674, guid: 9e7f9a051631c1c4c8eaa31eb406ff68, type: 3}
      propertyPath: m_LocalPosition.y
      value: -1.5459976
      objectReference: {fileID: 0}
    - target: {fileID: 4028344483187674, guid: 9e7f9a051631c1c4c8eaa31eb406ff68, type: 3}
      propertyPath: m_LocalPosition.z
      value: 4.07
      objectReference: {fileID: 0}
    - target: {fileID: 4028344483187674, guid: 9e7f9a051631c1c4c8eaa31eb406ff68, type: 3}
      propertyPath: m_LocalRotation.w
      value: 0.99998236
      objectReference: {fileID: 0}
    - target: {fileID: 4028344483187674, guid: 9e7f9a051631c1c4c8eaa31eb406ff68, type: 3}
      propertyPath: m_LocalRotation.x
      value: 0.000000081458914
      objectReference: {fileID: 0}
    - target: {fileID: 4028344483187674, guid: 9e7f9a051631c1c4c8eaa31eb406ff68, type: 3}
      propertyPath: m_LocalRotation.y
      value: 4.838914e-10
      objectReference: {fileID: 0}
    - target: {fileID: 4028344483187674, guid: 9e7f9a051631c1c4c8eaa31eb406ff68, type: 3}
      propertyPath: m_LocalRotation.z
      value: 0.005940208
      objectReference: {fileID: 0}
    - target: {fileID: 4028344483187674, guid: 9e7f9a051631c1c4c8eaa31eb406ff68, type: 3}
      propertyPath: m_LocalEulerAnglesHint.x
      value: 0
      objectReference: {fileID: 0}
    - target: {fileID: 4028344483187674, guid: 9e7f9a051631c1c4c8eaa31eb406ff68, type: 3}
      propertyPath: m_LocalEulerAnglesHint.y
      value: 0
      objectReference: {fileID: 0}
    - target: {fileID: 4028344483187674, guid: 9e7f9a051631c1c4c8eaa31eb406ff68, type: 3}
      propertyPath: m_LocalEulerAnglesHint.z
      value: 0.681
      objectReference: {fileID: 0}
    m_RemovedComponents: []
  m_SourcePrefab: {fileID: 100100000, guid: 9e7f9a051631c1c4c8eaa31eb406ff68, type: 3}
--- !u!4 &4831233133274685829 stripped
Transform:
  m_CorrespondingSourceObject: {fileID: 4028344483187674, guid: 9e7f9a051631c1c4c8eaa31eb406ff68, type: 3}
  m_PrefabInstance: {fileID: 4829463202856921695}
  m_PrefabAsset: {fileID: 0}
--- !u!1001 &5462995664636813196
PrefabInstance:
  m_ObjectHideFlags: 0
  serializedVersion: 2
  m_Modification:
    m_TransformParent: {fileID: 5990143847412498473}
    m_Modifications:
    - target: {fileID: 4647987923969834514, guid: 7295c3dc82e51b94d851c7608de0fe8c, type: 3}
      propertyPath: m_RootOrder
      value: 1
      objectReference: {fileID: 0}
    - target: {fileID: 4647987923969834514, guid: 7295c3dc82e51b94d851c7608de0fe8c, type: 3}
      propertyPath: m_LocalPosition.x
      value: 2.84
      objectReference: {fileID: 0}
    - target: {fileID: 4647987923969834514, guid: 7295c3dc82e51b94d851c7608de0fe8c, type: 3}
      propertyPath: m_LocalPosition.y
      value: -0.97
      objectReference: {fileID: 0}
    - target: {fileID: 4647987923969834514, guid: 7295c3dc82e51b94d851c7608de0fe8c, type: 3}
      propertyPath: m_LocalPosition.z
      value: 0
      objectReference: {fileID: 0}
    - target: {fileID: 4647987923969834514, guid: 7295c3dc82e51b94d851c7608de0fe8c, type: 3}
      propertyPath: m_LocalRotation.w
      value: 0.97717184
      objectReference: {fileID: 0}
    - target: {fileID: 4647987923969834514, guid: 7295c3dc82e51b94d851c7608de0fe8c, type: 3}
      propertyPath: m_LocalRotation.x
      value: 0
      objectReference: {fileID: 0}
    - target: {fileID: 4647987923969834514, guid: 7295c3dc82e51b94d851c7608de0fe8c, type: 3}
      propertyPath: m_LocalRotation.y
      value: 0
      objectReference: {fileID: 0}
    - target: {fileID: 4647987923969834514, guid: 7295c3dc82e51b94d851c7608de0fe8c, type: 3}
      propertyPath: m_LocalRotation.z
      value: -0.21245055
      objectReference: {fileID: 0}
    - target: {fileID: 4647987923969834514, guid: 7295c3dc82e51b94d851c7608de0fe8c, type: 3}
      propertyPath: m_LocalEulerAnglesHint.x
      value: 0
      objectReference: {fileID: 0}
    - target: {fileID: 4647987923969834514, guid: 7295c3dc82e51b94d851c7608de0fe8c, type: 3}
      propertyPath: m_LocalEulerAnglesHint.y
      value: 0
      objectReference: {fileID: 0}
    - target: {fileID: 4647987923969834514, guid: 7295c3dc82e51b94d851c7608de0fe8c, type: 3}
      propertyPath: m_LocalEulerAnglesHint.z
      value: -24.532
      objectReference: {fileID: 0}
    - target: {fileID: 4653695765559838332, guid: 7295c3dc82e51b94d851c7608de0fe8c, type: 3}
      propertyPath: m_Name
      value: Wing6_Mirrored
      objectReference: {fileID: 0}
    m_RemovedComponents: []
  m_SourcePrefab: {fileID: 100100000, guid: 7295c3dc82e51b94d851c7608de0fe8c, type: 3}
--- !u!4 &815307632749044126 stripped
Transform:
  m_CorrespondingSourceObject: {fileID: 4647987923969834514, guid: 7295c3dc82e51b94d851c7608de0fe8c, type: 3}
  m_PrefabInstance: {fileID: 5462995664636813196}
  m_PrefabAsset: {fileID: 0}
--- !u!1001 &5781207237163909947
PrefabInstance:
  m_ObjectHideFlags: 0
  serializedVersion: 2
  m_Modification:
    m_TransformParent: {fileID: 3098893623044647054}
    m_Modifications:
    - target: {fileID: 1805482198879016, guid: 16db349a6a34d1842aa7dae341465efe, type: 3}
      propertyPath: m_Name
      value: MainBody13
      objectReference: {fileID: 0}
    - target: {fileID: 4427908452834520, guid: 16db349a6a34d1842aa7dae341465efe, type: 3}
      propertyPath: m_RootOrder
      value: 5
      objectReference: {fileID: 0}
    - target: {fileID: 4427908452834520, guid: 16db349a6a34d1842aa7dae341465efe, type: 3}
      propertyPath: m_LocalScale.x
      value: 0.6237549
      objectReference: {fileID: 0}
    - target: {fileID: 4427908452834520, guid: 16db349a6a34d1842aa7dae341465efe, type: 3}
      propertyPath: m_LocalScale.y
      value: 0.6237549
      objectReference: {fileID: 0}
    - target: {fileID: 4427908452834520, guid: 16db349a6a34d1842aa7dae341465efe, type: 3}
      propertyPath: m_LocalScale.z
      value: 0.6237549
      objectReference: {fileID: 0}
    - target: {fileID: 4427908452834520, guid: 16db349a6a34d1842aa7dae341465efe, type: 3}
      propertyPath: m_LocalPosition.x
      value: -5.39
      objectReference: {fileID: 0}
    - target: {fileID: 4427908452834520, guid: 16db349a6a34d1842aa7dae341465efe, type: 3}
      propertyPath: m_LocalPosition.y
      value: -3.54
      objectReference: {fileID: 0}
    - target: {fileID: 4427908452834520, guid: 16db349a6a34d1842aa7dae341465efe, type: 3}
      propertyPath: m_LocalPosition.z
      value: 0.07
      objectReference: {fileID: 0}
    - target: {fileID: 4427908452834520, guid: 16db349a6a34d1842aa7dae341465efe, type: 3}
      propertyPath: m_LocalRotation.w
      value: 1
      objectReference: {fileID: 0}
    - target: {fileID: 4427908452834520, guid: 16db349a6a34d1842aa7dae341465efe, type: 3}
      propertyPath: m_LocalRotation.x
      value: -0
      objectReference: {fileID: 0}
    - target: {fileID: 4427908452834520, guid: 16db349a6a34d1842aa7dae341465efe, type: 3}
      propertyPath: m_LocalRotation.y
      value: -0
      objectReference: {fileID: 0}
    - target: {fileID: 4427908452834520, guid: 16db349a6a34d1842aa7dae341465efe, type: 3}
      propertyPath: m_LocalRotation.z
      value: -0
      objectReference: {fileID: 0}
    - target: {fileID: 4427908452834520, guid: 16db349a6a34d1842aa7dae341465efe, type: 3}
      propertyPath: m_LocalEulerAnglesHint.x
      value: 0
      objectReference: {fileID: 0}
    - target: {fileID: 4427908452834520, guid: 16db349a6a34d1842aa7dae341465efe, type: 3}
      propertyPath: m_LocalEulerAnglesHint.y
      value: 0
      objectReference: {fileID: 0}
    - target: {fileID: 4427908452834520, guid: 16db349a6a34d1842aa7dae341465efe, type: 3}
      propertyPath: m_LocalEulerAnglesHint.z
      value: 0
      objectReference: {fileID: 0}
    m_RemovedComponents: []
  m_SourcePrefab: {fileID: 100100000, guid: 16db349a6a34d1842aa7dae341465efe, type: 3}
--- !u!4 &5779598758060711907 stripped
Transform:
  m_CorrespondingSourceObject: {fileID: 4427908452834520, guid: 16db349a6a34d1842aa7dae341465efe, type: 3}
  m_PrefabInstance: {fileID: 5781207237163909947}
  m_PrefabAsset: {fileID: 0}
--- !u!1001 &6087232002313872770
PrefabInstance:
  m_ObjectHideFlags: 0
  serializedVersion: 2
  m_Modification:
    m_TransformParent: {fileID: 3098893623044647054}
    m_Modifications:
    - target: {fileID: 6712519913433576573, guid: f5a635a64e8270a40aa07137c6d1f162, type: 3}
      propertyPath: m_Name
      value: StarSparrow_Weapon_Mirrored
      objectReference: {fileID: 0}
    - target: {fileID: 6716005470611400919, guid: f5a635a64e8270a40aa07137c6d1f162, type: 3}
      propertyPath: m_RootOrder
      value: 10
      objectReference: {fileID: 0}
    - target: {fileID: 6716005470611400919, guid: f5a635a64e8270a40aa07137c6d1f162, type: 3}
      propertyPath: m_LocalScale.x
      value: 0.83333325
      objectReference: {fileID: 0}
    - target: {fileID: 6716005470611400919, guid: f5a635a64e8270a40aa07137c6d1f162, type: 3}
      propertyPath: m_LocalScale.y
      value: 0.83333325
      objectReference: {fileID: 0}
    - target: {fileID: 6716005470611400919, guid: f5a635a64e8270a40aa07137c6d1f162, type: 3}
      propertyPath: m_LocalScale.z
      value: 0.83333325
      objectReference: {fileID: 0}
    - target: {fileID: 6716005470611400919, guid: f5a635a64e8270a40aa07137c6d1f162, type: 3}
      propertyPath: m_LocalPosition.x
      value: -2.701263
      objectReference: {fileID: 0}
    - target: {fileID: 6716005470611400919, guid: f5a635a64e8270a40aa07137c6d1f162, type: 3}
      propertyPath: m_LocalPosition.y
      value: -2.4923258
      objectReference: {fileID: 0}
    - target: {fileID: 6716005470611400919, guid: f5a635a64e8270a40aa07137c6d1f162, type: 3}
      propertyPath: m_LocalPosition.z
      value: -0.39
      objectReference: {fileID: 0}
    - target: {fileID: 6716005470611400919, guid: f5a635a64e8270a40aa07137c6d1f162, type: 3}
      propertyPath: m_LocalRotation.w
      value: 0.9126414
      objectReference: {fileID: 0}
    - target: {fileID: 6716005470611400919, guid: f5a635a64e8270a40aa07137c6d1f162, type: 3}
      propertyPath: m_LocalRotation.x
      value: -0
      objectReference: {fileID: 0}
    - target: {fileID: 6716005470611400919, guid: f5a635a64e8270a40aa07137c6d1f162, type: 3}
      propertyPath: m_LocalRotation.y
      value: -0
      objectReference: {fileID: 0}
    - target: {fileID: 6716005470611400919, guid: f5a635a64e8270a40aa07137c6d1f162, type: 3}
      propertyPath: m_LocalRotation.z
      value: 0.4087611
      objectReference: {fileID: 0}
    - target: {fileID: 6716005470611400919, guid: f5a635a64e8270a40aa07137c6d1f162, type: 3}
      propertyPath: m_LocalEulerAnglesHint.x
      value: 0
      objectReference: {fileID: 0}
    - target: {fileID: 6716005470611400919, guid: f5a635a64e8270a40aa07137c6d1f162, type: 3}
      propertyPath: m_LocalEulerAnglesHint.y
      value: 0
      objectReference: {fileID: 0}
    - target: {fileID: 6716005470611400919, guid: f5a635a64e8270a40aa07137c6d1f162, type: 3}
      propertyPath: m_LocalEulerAnglesHint.z
      value: 48.254
      objectReference: {fileID: 0}
    m_RemovedComponents: []
  m_SourcePrefab: {fileID: 100100000, guid: f5a635a64e8270a40aa07137c6d1f162, type: 3}
--- !u!4 &670537327966260565 stripped
Transform:
  m_CorrespondingSourceObject: {fileID: 6716005470611400919, guid: f5a635a64e8270a40aa07137c6d1f162, type: 3}
  m_PrefabInstance: {fileID: 6087232002313872770}
  m_PrefabAsset: {fileID: 0}
--- !u!1001 &7815803930306933262
PrefabInstance:
  m_ObjectHideFlags: 0
  serializedVersion: 2
  m_Modification:
    m_TransformParent: {fileID: 3098893623044647054}
    m_Modifications:
    - target: {fileID: 8107228150627621052, guid: ae8be24f5c456934ab1808e9cec2c8ef, type: 3}
      propertyPath: m_RootOrder
      value: 6
      objectReference: {fileID: 0}
    - target: {fileID: 8107228150627621052, guid: ae8be24f5c456934ab1808e9cec2c8ef, type: 3}
      propertyPath: m_LocalScale.x
      value: 0.6237549
      objectReference: {fileID: 0}
    - target: {fileID: 8107228150627621052, guid: ae8be24f5c456934ab1808e9cec2c8ef, type: 3}
      propertyPath: m_LocalScale.y
      value: 0.6237549
      objectReference: {fileID: 0}
    - target: {fileID: 8107228150627621052, guid: ae8be24f5c456934ab1808e9cec2c8ef, type: 3}
      propertyPath: m_LocalScale.z
      value: 0.6237549
      objectReference: {fileID: 0}
    - target: {fileID: 8107228150627621052, guid: ae8be24f5c456934ab1808e9cec2c8ef, type: 3}
      propertyPath: m_LocalPosition.x
      value: 5.39
      objectReference: {fileID: 0}
    - target: {fileID: 8107228150627621052, guid: ae8be24f5c456934ab1808e9cec2c8ef, type: 3}
      propertyPath: m_LocalPosition.y
      value: -3.54
      objectReference: {fileID: 0}
    - target: {fileID: 8107228150627621052, guid: ae8be24f5c456934ab1808e9cec2c8ef, type: 3}
      propertyPath: m_LocalPosition.z
      value: 0.07
      objectReference: {fileID: 0}
    - target: {fileID: 8107228150627621052, guid: ae8be24f5c456934ab1808e9cec2c8ef, type: 3}
      propertyPath: m_LocalRotation.w
      value: 1
      objectReference: {fileID: 0}
    - target: {fileID: 8107228150627621052, guid: ae8be24f5c456934ab1808e9cec2c8ef, type: 3}
      propertyPath: m_LocalRotation.x
      value: -0
      objectReference: {fileID: 0}
    - target: {fileID: 8107228150627621052, guid: ae8be24f5c456934ab1808e9cec2c8ef, type: 3}
      propertyPath: m_LocalRotation.y
      value: -0
      objectReference: {fileID: 0}
    - target: {fileID: 8107228150627621052, guid: ae8be24f5c456934ab1808e9cec2c8ef, type: 3}
      propertyPath: m_LocalRotation.z
      value: -0
      objectReference: {fileID: 0}
    - target: {fileID: 8107228150627621052, guid: ae8be24f5c456934ab1808e9cec2c8ef, type: 3}
      propertyPath: m_LocalEulerAnglesHint.x
      value: 0
      objectReference: {fileID: 0}
    - target: {fileID: 8107228150627621052, guid: ae8be24f5c456934ab1808e9cec2c8ef, type: 3}
      propertyPath: m_LocalEulerAnglesHint.y
      value: 0
      objectReference: {fileID: 0}
    - target: {fileID: 8107228150627621052, guid: ae8be24f5c456934ab1808e9cec2c8ef, type: 3}
      propertyPath: m_LocalEulerAnglesHint.z
      value: 0
      objectReference: {fileID: 0}
    - target: {fileID: 8109707735324806988, guid: ae8be24f5c456934ab1808e9cec2c8ef, type: 3}
      propertyPath: m_Name
      value: MainBody13_Mirrored
      objectReference: {fileID: 0}
    m_RemovedComponents: []
  m_SourcePrefab: {fileID: 100100000, guid: ae8be24f5c456934ab1808e9cec2c8ef, type: 3}
--- !u!4 &2086848121316256434 stripped
Transform:
  m_CorrespondingSourceObject: {fileID: 8107228150627621052, guid: ae8be24f5c456934ab1808e9cec2c8ef, type: 3}
  m_PrefabInstance: {fileID: 7815803930306933262}
  m_PrefabAsset: {fileID: 0}
--- !u!1001 &7899473770160348971
PrefabInstance:
  m_ObjectHideFlags: 0
  serializedVersion: 2
  m_Modification:
    m_TransformParent: {fileID: 3098893623044647054}
    m_Modifications:
    - target: {fileID: 1758563075571458, guid: 46b44d60b1f0369449bf47d8ef9e2fc3, type: 3}
      propertyPath: m_Name
      value: Engine1
      objectReference: {fileID: 0}
    - target: {fileID: 4211523380435964, guid: 46b44d60b1f0369449bf47d8ef9e2fc3, type: 3}
      propertyPath: m_RootOrder
      value: 1
      objectReference: {fileID: 0}
    - target: {fileID: 4211523380435964, guid: 46b44d60b1f0369449bf47d8ef9e2fc3, type: 3}
      propertyPath: m_LocalPosition.x
      value: 0
      objectReference: {fileID: 0}
    - target: {fileID: 4211523380435964, guid: 46b44d60b1f0369449bf47d8ef9e2fc3, type: 3}
      propertyPath: m_LocalPosition.y
      value: -1.34
      objectReference: {fileID: 0}
    - target: {fileID: 4211523380435964, guid: 46b44d60b1f0369449bf47d8ef9e2fc3, type: 3}
      propertyPath: m_LocalPosition.z
      value: -0.98
      objectReference: {fileID: 0}
    - target: {fileID: 4211523380435964, guid: 46b44d60b1f0369449bf47d8ef9e2fc3, type: 3}
      propertyPath: m_LocalRotation.w
      value: 0
      objectReference: {fileID: 0}
    - target: {fileID: 4211523380435964, guid: 46b44d60b1f0369449bf47d8ef9e2fc3, type: 3}
      propertyPath: m_LocalRotation.x
      value: 0
      objectReference: {fileID: 0}
    - target: {fileID: 4211523380435964, guid: 46b44d60b1f0369449bf47d8ef9e2fc3, type: 3}
      propertyPath: m_LocalRotation.y
      value: 0
      objectReference: {fileID: 0}
    - target: {fileID: 4211523380435964, guid: 46b44d60b1f0369449bf47d8ef9e2fc3, type: 3}
      propertyPath: m_LocalRotation.z
      value: 1
      objectReference: {fileID: 0}
    - target: {fileID: 4211523380435964, guid: 46b44d60b1f0369449bf47d8ef9e2fc3, type: 3}
      propertyPath: m_LocalEulerAnglesHint.x
      value: 0
      objectReference: {fileID: 0}
    - target: {fileID: 4211523380435964, guid: 46b44d60b1f0369449bf47d8ef9e2fc3, type: 3}
      propertyPath: m_LocalEulerAnglesHint.y
      value: 0
      objectReference: {fileID: 0}
    - target: {fileID: 4211523380435964, guid: 46b44d60b1f0369449bf47d8ef9e2fc3, type: 3}
      propertyPath: m_LocalEulerAnglesHint.z
      value: 180
      objectReference: {fileID: 0}
    m_RemovedComponents: []
  m_SourcePrefab: {fileID: 100100000, guid: 46b44d60b1f0369449bf47d8ef9e2fc3, type: 3}
--- !u!4 &7903368547150169303 stripped
Transform:
  m_CorrespondingSourceObject: {fileID: 4211523380435964, guid: 46b44d60b1f0369449bf47d8ef9e2fc3, type: 3}
  m_PrefabInstance: {fileID: 7899473770160348971}
  m_PrefabAsset: {fileID: 0}
